<record><leader>00000cas a22000007a 4500</leader><controlfield tag="001">14921977</controlfield><controlfield tag="008">861204d18981902iaucr ne      0    0eng d</controlfield><datafield ind1=" " ind2=" " tag="010"><subfield code="a">sn 86061200 </subfield></datafield><datafield ind1=" " ind2=" " tag="040"><subfield code="a">INP</subfield><subfield code="b">eng</subfield><subfield code="c">INP</subfield><subfield code="d">OCLCQ</subfield></datafield><datafield ind1=" " ind2=" " tag="042"><subfield code="a">msc</subfield></datafield><datafield ind1="0" ind2="4" tag="245"><subfield code="a">The Semi-weekly Wayne County Democrat.</subfield></datafield><datafield ind1="1" ind2="3" tag="246"><subfield code="a">Twice-a-week Wayne County Democrat</subfield><subfield code="f">Dec. 2, 1898-Dec. 28, 1900</subfield></datafield><datafield ind1="1" ind2="3" tag="246"><subfield code="a">Semi-weekly Democrat</subfield><subfield code="f">June 8, 1900-1902</subfield></datafield><datafield ind1=" " ind2=" " tag="260"><subfield code="a">Corydon, Iowa :</subfield><subfield code="b">J. Stirling,</subfield><subfield code="c">1898-1902.</subfield></datafield><datafield ind1=" " ind2=" " tag="300"><subfield code="a">4 v. :</subfield><subfield code="b">ill.</subfield></datafield><datafield ind1=" " ind2=" " tag="310"><subfield code="a">Semiweekly</subfield></datafield><datafield ind1="0" ind2=" " tag="362"><subfield code="a">Vol. 20, no. 62 (Dec. 2, 1898)-23rd year, no. 83 (Jan. 21, 1902).</subfield></datafield><datafield ind1=" " ind2=" " tag="500"><subfield code="a">"Official county paper."</subfield></datafield><datafield ind1=" " ind2=" " tag="752"><subfield code="a">United States</subfield><subfield code="b">Iowa</subfield><subfield code="c">Wayne</subfield><subfield code="d">Corydon.</subfield></datafield><datafield ind1="0" ind2="0" tag="780"><subfield code="t">Twice-a-week Wayne County Democrat</subfield><subfield code="w">(DLC)sn 86061199</subfield></datafield><datafield ind1="0" ind2="0" tag="785"><subfield code="t">Wayne County Democrat (Corydon, Iowa : 1902)</subfield><subfield code="w">(DLC)sn 86061201</subfield></datafield></record>